<?xml version="1.0" encoding="UTF-8"?><collection xmlns="http://www.loc.gov/MARC21/slim"><record><leader>00389nam--2200133-i-4500</leader><controlfield tag="001">000032396</controlfield><controlfield tag="002">20161230</controlfield><controlfield tag="005">20161230201039</controlfield><controlfield tag="008">060222s1000------------r-----000-0-eng-d</controlfield><datafield ind1=" " ind2=" " tag="080"><subfield code="a">621.38.04(075.8)</subfield></datafield><datafield ind1=" " ind2=" " tag="100"><subfield code="a">Miroiu, Constantin., Olaru, Virgil</subfield></datafield><datafield ind1=" " ind2=" " tag="245"><subfield code="a">Lucrari practice de componente si circuite electronice</subfield></datafield><datafield ind1=" " ind2=" " tag="260"><subfield code="a">Bucuresti, Ed.Didact.Si Pedagogica, 1983, 187p</subfield></datafield><datafield ind1=" " ind2=" " tag="852"><subfield code="a">70962</subfield></datafield></record></collection>